@online{inet_wireless_tutorial2024,
  author  = {{INET Framework}},
  title   = {{INET Framework - Wireless Tutorial}},
  url     = {https://inet.omnetpp.org/docs/tutorials/wireless/doc/index.html},
  urldate = {2024-12-06},
}

@online{inet2024,
  author  = {{INET Framework}},
  title   = {{INET Framework}},
  url     = {https://inet.omnetpp.org},
  urldate = {2024-12-08},
}

@online{omnetpp2024,
  author  = {{OMNeT++}},
  title   = {{OMNeT++}},
  url     = {https://omnetpp.org},
  urldate = {2024-12-07},
}

@online{opp_env2024,
  author  = {{OMNeT++}},
  title   = {{OMNeT++ Environment}},
  url     = {https://omnetpp.org/opp_env},
  urldate = {2024-12-06},
}